<?xml version="1.0" encoding="UTF-8" ?><marc:collection xmlns:marc="http://www.loc.gov/MARC21/slim" xmlns:xsi="http://www.w3.org/2001/XMLSchema-instance" xsi:schemaLocation="http://www.loc.gov/MARC21/slim http://www.loc.gov/standards/marcxml/schema/MARC21slim.xsd">
<marc:record><marc:leader>03070cam a2200433Mi 4500</marc:leader>
<marc:controlfield tag="001">b14392604</marc:controlfield>
<marc:controlfield tag="003">UaCaAUL</marc:controlfield><marc:controlfield tag="005">20170301125507.0</marc:controlfield><marc:controlfield tag="008">920121s1913    ua            000 0 ara d</marc:controlfield><marc:datafield tag="035" ind1=" " ind2=" "><marc:subfield code="a">(OCoLC)777077209</marc:subfield></marc:datafield><marc:datafield tag="040" ind1=" " ind2=" "><marc:subfield code="a">PUL</marc:subfield><marc:subfield code="b">eng</marc:subfield><marc:subfield code="e">rda</marc:subfield><marc:subfield code="c">PUL</marc:subfield><marc:subfield code="d">OCLCO</marc:subfield><marc:subfield code="d">OCLCQ</marc:subfield><marc:subfield code="d">MEAUC</marc:subfield></marc:datafield><marc:datafield tag="049" ind1=" " ind2=" "><marc:subfield code="a">MAIN</marc:subfield></marc:datafield><marc:datafield tag="050" ind1=" " ind2="4"><marc:subfield code="a">BP166.2</marc:subfield><marc:subfield code="b">.D45 1913</marc:subfield></marc:datafield><marc:datafield tag="066" ind1=" " ind2=" "><marc:subfield code="c">(3</marc:subfield></marc:datafield><marc:datafield tag="090" ind1=" " ind2=" "><marc:subfield code="a">BP166.2</marc:subfield><marc:subfield code="b">.D45 1913</marc:subfield></marc:datafield><marc:datafield tag="100" ind1="1" ind2=" "><marc:subfield code="6">880-01</marc:subfield><marc:subfield code="a">Dhahabī, Muḥammad ibn Aḥmad,</marc:subfield><marc:subfield code="d">1274-1348.</marc:subfield></marc:datafield><marc:datafield tag="240" ind1="1" ind2="0"><marc:subfield code="6">880-02</marc:subfield><marc:subfield code="a">ʻUlūw lil-ʻAlī al-Ghaffār fī ṣaḥīḥ al-akhbār wa-saqīmihā.</marc:subfield></marc:datafield><marc:datafield tag="245" ind1="1" ind2="0"><marc:subfield code="6">880-03</marc:subfield><marc:subfield code="a">Kitāb al-ʻulūw lil-ʻAlī al-Ghaffār fī ṣaḥīḥ al-akhbār wa-saqīmihā /</marc:subfield><marc:subfield code="c">jamʻ al-Shaykh al-imām al-ʻālim al-atharī al-ḥāfiẓ Shams al-Dīn Muḥammad ibn Aḥmad ibn ʻUthmān al-Dimashqī al-shahīr bi-al-Dhahabī al-mawlūd sanat 673 wa-al-mutawaffá sanat 748 H.</marc:subfield></marc:datafield><marc:datafield tag="264" ind1=" " ind2="1"><marc:subfield code="a">Miṣr :</marc:subfield><marc:subfield code="b">Maṭbaʻat al-Manār bi-Miṣr,</marc:subfield><marc:subfield code="c">1332 H. Q. wa- 1292 H. Sh. [1913 or 1914 M]</marc:subfield></marc:datafield><marc:datafield tag="300" ind1=" " ind2=" "><marc:subfield code="a">336 pages ;</marc:subfield><marc:subfield code="c">20 cm.</marc:subfield></marc:datafield><marc:datafield tag="336" ind1=" " ind2=" "><marc:subfield code="a">text</marc:subfield><marc:subfield code="b">txt</marc:subfield><marc:subfield code="2">rdacontent.</marc:subfield></marc:datafield><marc:datafield tag="337" ind1=" " ind2=" "><marc:subfield code="a">unmediated</marc:subfield><marc:subfield code="b">n</marc:subfield><marc:subfield code="2">rdamedia.</marc:subfield></marc:datafield><marc:datafield tag="338" ind1=" " ind2=" "><marc:subfield code="a">volume</marc:subfield><marc:subfield code="b">nc</marc:subfield><marc:subfield code="2">rdacarrier.</marc:subfield></marc:datafield><marc:datafield tag="500" ind1=" " ind2=" "><marc:subfield code="6">880-04</marc:subfield><marc:subfield code="a">&quot;Ṭubiʻa lil-marrah al-ūlá bi-Miṣr ʻalá nafaqat al-fāḍil al-atharī ṣāḥib al-saʻādah al-sayyid Muḥammad Afandī Naṣīf wakīl Imārat Makkah al-jalīlah bi-Jaddah ʻan nuskhah maṭbūʻah ṭabʻan ḥajarīyan fī al-Hind wa-waqafa ʻalá taṣḥīḥihi al-Sayyid Muḥammad Rashīd Riḍā munshiʼ majallat al-manār, ḥuqūq iʻādat al-ṭabʻ maḥfūẓah la-hu.&quot;</marc:subfield></marc:datafield><marc:datafield tag="500" ind1=" " ind2=" "><marc:subfield code="6">880-05</marc:subfield><marc:subfield code="a">Sanat 1332 H Q wa-sanat 1292 H Sh.</marc:subfield></marc:datafield><marc:datafield tag="650" ind1=" " ind2="0"><marc:subfield code="a">God (Islam)</marc:subfield><marc:subfield code="v">Early works to 1800.</marc:subfield></marc:datafield><marc:datafield tag="650" ind1=" " ind2="0"><marc:subfield code="a">Islam</marc:subfield><marc:subfield code="x">Doctrines</marc:subfield><marc:subfield code="v">Early works to 1800.</marc:subfield></marc:datafield><marc:datafield tag="700" ind1="0" ind2=" "><marc:subfield code="6">880-06</marc:subfield><marc:subfield code="a">Muḥammad Rashīd Riḍā.</marc:subfield></marc:datafield><marc:datafield tag="830" ind1=" " ind2="0"><marc:subfield code="a">Princeton University Arabic collection ;</marc:subfield><marc:subfield code="v">cn. 9100839.04.</marc:subfield></marc:datafield><marc:datafield tag="880" ind1="1" ind2=" "><marc:subfield code="6">100-01/(3/r</marc:subfield><marc:subfield code="a">ذهبي، محمد بن أحمد،</marc:subfield><marc:subfield code="d">1274-1348.</marc:subfield></marc:datafield><marc:datafield tag="880" ind1="1" ind2="0"><marc:subfield code="6">240-02/(3/r</marc:subfield><marc:subfield code="a">علو للعلي الغفار في صحيح الاخبار وسقيمها.</marc:subfield></marc:datafield><marc:datafield tag="880" ind1="1" ind2="0"><marc:subfield code="6">245-03/(3/r</marc:subfield><marc:subfield code="a">كتاب العلو للعلي الغفار في صحيح الاخبار وسقيمها /</marc:subfield><marc:subfield code="c">جمع الشيخ الامام العالم الاثري الحافظ شمس الدين محمد بن احمد بن عثمان الدمشقي الشهير بالذهبي المولود سنة 673 والمتوفى سنة 748 ه..</marc:subfield></marc:datafield><marc:datafield tag="880" ind1=" " ind2=" "><marc:subfield code="6">500-04/(3/r</marc:subfield><marc:subfield code="a">طبع للمرة الأولى بمصر على نفقة الفاضل الأثري صاحب السعادة السيد محمد افندي نصيف وكيل امارة مكة الجليلة بجدة عن نسخة مطبوعة طبعا حجريا في الهند ووقف على تصحيحه السيد محمد رشيد رضا منشئ مجلة المنار، حقوق اعادة الطبع محفوظة له..</marc:subfield></marc:datafield><marc:datafield tag="880" ind1=" " ind2=" "><marc:subfield code="6">500-05/(3/r</marc:subfield><marc:subfield code="a">سنة 1332 ه ق وسنة 1292 ه ش..</marc:subfield></marc:datafield><marc:datafield tag="880" ind1="0" ind2=" "><marc:subfield code="6">700-06/(3/r</marc:subfield><marc:subfield code="a">محمد رشيد رضا..</marc:subfield></marc:datafield><marc:datafield tag="907" ind1=" " ind2=" "><marc:subfield code="a">.b14392604</marc:subfield><marc:subfield code="b">main </marc:subfield></marc:datafield><marc:datafield tag="902" ind1=" " ind2=" "><marc:subfield code="a">170321</marc:subfield></marc:datafield><marc:datafield tag="998" ind1=" " ind2=" "><marc:subfield code="b">1</marc:subfield><marc:subfield code="c">071127</marc:subfield><marc:subfield code="d">m</marc:subfield><marc:subfield code="e">a</marc:subfield><marc:subfield code="f">-</marc:subfield><marc:subfield code="g">0</marc:subfield><marc:subfield code="k">TA</marc:subfield></marc:datafield><marc:datafield tag="945" ind1=" " ind2=" "><marc:subfield code="l">main </marc:subfield></marc:datafield></marc:record>
</marc:collection>
